@book{montgomery2017design,
  title={Design and Analysis of Experiments},
  author={Montgomery, D.C.},
  isbn={9781119113478},
  lccn={2017002355},
  url={https://books.google.com.br/books?id=Py7bDgAAQBAJ},
  year={2017},
  publisher={John Wiley \& Sons, Incorporated}
}
